@article{Collofello1989Evaluating,
  title={Evaluating the effectiveness of reliability-assurance techniques},
  author={Collofello, James S and Woodfield, Scott N},
  journal={Journal of systems and software},
  volume={9},
  number={3},
  pages={191--195},
  year={1989},
  publisher={Elsevier}
}

@inproceedings{Parnin2011Are,
  title={Are automated debugging techniques actually helping programmers?},
  author={Parnin, Chris and Orso, Alessandro},
  booktitle={International Symposium on Software Testing and Analysis},
  pages={199-209},
  year={2011},
}

@inproceedings{Weiser1981Program,
  title={Program slicing},
  author={Weiser, Mark},
  booktitle={International Conference on Software Engineering},
  pages={439-449},
  year={1981},
}

@article{Weiser1984Program,
  title={Program Slicing},
  author={Weiser, Mark},
  journal={IEEE Transactions on Software Engineering},
  volume={SE-10},
  number={4},
  pages={352-357},
  year={1984},
}

@article{Korel1988Dynamic,
  title={Dynamic program slicing ☆},
  author={Korel, Bogdan and Laski, Janusz},
  journal={Information Processing Letters},
  volume={29},
  number={3},
  pages={155-163},
  year={1988},
}

@online{NIST2002The,
  title={The Economic Impacts of Inadequate Infrastructure for Software Testing},
  author={NIST Rep.},
  year={2002},
  url={http://www.abeacha.com/NIST_press_release_bugs_cost.htm},
  urldate={2018-04-18}
}

@online{YingfeiFL,
  title={错误定位技术},
  author={Yingfei Xiong},
  year={2018},
  url={http://sei.pku.edu.cn/~xiongyf04/SA/2017/18_fault_localization.pdf},
  urldate={2018-04-07}
}

@inproceedings{Demillo1996Critical,
  title={Critical slicing for software fault localization},
  author={Demillo, Richard A. and Pan, Hsin and Spafford, Eugene H.},
  pages={121-134},
  year={1996},
}

@article{Gyim1999An,
  title={An efficient relevant slicing method for debugging},
  author={Gyim and Thy, Tibor and Besz and Forg and Cs, Ist},
  journal={Acm Sigsoft Software Engineering Notes},
  volume={24},
  number={6},
  pages={303-321},
  year={1999},
}

@article{Zhang2006Pruning,
  title={Pruning dynamic slices with confidence},
  author={Zhang, Xiangyu and Gupta, Neelam and Gupta, Rajiv},
  journal={Acm Sigplan Notices},
  volume={41},
  number={6},
  pages={169-180},
  year={2006},
}

@inproceedings{Zhang2003Precise,
  title={Precise dynamic slicing algorithms},
  author={Zhang, Xiangyu and Gupta, R and Zhang, Youtao},
  booktitle={International Conference on Software Engineering, 2003. Proceedings},
  pages={319-329},
  year={2003},
}

@article{Agrawal1993Debugging,
  title={Debugging with dynamic slicing and backtracking},
  author={Agrawal, Hiralal and DeMillo, Richard A and Spafford, Eugene H},
  journal={Software: Practice and Experience},
  volume={23},
  number={6},
  pages={589--616},
  year={1993},
  publisher={Wiley Online Library}
}

@article{Ju2014HSFal,
  title={HSFal: Effective fault localization using hybrid spectrum of full slices and execution slices},
  author={Ju, Xiaolin and Jiang, Shujuan and Chen, Xiang and Wang, Xingya and Zhang, Yanmei and Cao, Heling},
  journal={Journal of Systems \& Software},
  volume={90},
  number={1},
  pages={3-17},
  year={2014},
}

@inproceedings{Alves2011Fault,
  title={Fault-localization using dynamic slicing and change impact analysis},
  author={Alves, Elton and Gligoric, Milos and Jagannath, Vilas and D'Amorim, Marcelo},
  booktitle={Ieee/acm International Conference on Automated Software Engineering},
  pages={520-523},
  year={2011},
}

@article{Al2005The,
  title={The efficiency of critical slicing in fault localization},
  author={Al-Khanjari, Zuhoor A and Woodward, Martin R and Ramadhan, Haider Ali and Kutti, Narayana Swamy},
  journal={Software Quality Journal},
  volume={13},
  number={2},
  pages={129--153},
  year={2005},
  publisher={Springer}
}

@inproceedings{Liu2007Indexing,
  title={Indexing noncrashing failures: A dynamic program slicing-based approach},
  author={Liu, Chao and Zhang, Xiangyu and Han, Jiawei and Zhang, Yu and Bhargava, Bharat K},
  booktitle={Software Maintenance, 2007. ICSM 2007. IEEE International Conference on},
  pages={455--464},
  year={2007},
  organization={IEEE}
}

@article{Reps1997The,
  title={The use of program profiling for software maintenance with applications to the year 2000 problem},
  author={Reps, Thomas and Ball, Thomas and Das, Manuvir and Larus, James},
  journal={Acm Sigsoft Software Engineering Notes},
  volume={22},
  number={6},
  pages={432-449},
  year={1997},
}

@inproceedings{Groce2004Understanding,
  title={Understanding counterexamples with explain},
  author={Groce, Alex and Kroening, Daniel and Lerda, Flavio},
  booktitle={International Conference on Computer Aided Verification},
  pages={453--456},
  year={2004},
  organization={Springer}
}

@article{Ball2003From,
  title={From symptom to cause: localizing errors in counterexample traces},
  author={Ball, Thomas and Naik, Mayur and Rajamani, Sriram K},
  journal={Acm Sigplan Notices},
  volume={38},
  number={1},
  pages={97-105},
  year={2003},
}

@inproceedings{Wotawa2010Fault,
  title={Fault localization based on dynamic slicing and hitting-set computation},
  author={Wotawa, Franz},
  booktitle={Quality Software (QSIC), 2010 10th International Conference on},
  pages={161--170},
  year={2010},
  organization={IEEE}
}

@article{Mao2014Slice,
  title={Slice-based statistical fault localization ☆},
  author={Mao, Xiaoguang and Lei, Yan and Dai, Ziying and Qi, Yuhua and Wang, Chengsong},
  journal={Journal of Systems \& Software},
  volume={89},
  number={1},
  pages={51-62},
  year={2014},
}

@inproceedings{Jones2002Visualization,
  title={Visualization of test information to assist fault localization},
  author={Jones, James A and Harrold, Mary Jean and Stasko, John},
  booktitle={Proceedings of the 24th international conference on Software engineering},
  pages={467--477},
  year={2002},
  organization={ACM}
}

@article{Liblit2005Scalable,
  title={Scalable statistical bug isolation},
  author={Liblit, Ben and Naik, Mayur and Zheng, Alice X and Aiken, Alex and Jordan, Michael I},
  journal={Acm Sigplan Notices},
  volume={40},
  number={6},
  pages={15--26},
  year={2005},
  publisher={ACM}
}

@inproceedings{Liu2005SOBER,
  title={SOBER: statistical model-based bug localization},
  author={Liu, Chao and Yan, Xifeng and Fei, Long and Han, Jiawei and Midkiff, Samuel P.},
  booktitle={European Software Engineering Conference Held Jointly with  ACM Sigsoft International Symposium on Foundations of Software Engineering},
  pages={286-295},
  year={2005},
}

@article{Harrold2015An,
  title={An empirical investigation of the relationship between spectra differences and regression faults},
  author={Harrold, Mary Jean and Rothermel, Gregg and Sayre, Kent and Wu, Rui and Yi, Liu},
  journal={Software Testing Verification \& Reliability},
  volume={10},
  number={3},
  pages={171-194},
  year={2015},
}

@inproceedings{Renieres2003Fault,
  title={Fault localization with nearest neighbor queries},
  author={Renieres, M and Reiss, S. P},
  booktitle={IEEE International Conference on Automated Software Engineering, 2003. Proceedings},
  pages={30-39},
  year={2003},
}

@article{Harrold2000An,
  title={An empirical investigation of the relationship between spectra differences and regression faults},
  author={Harrold, Mary Jean and Rothermel, Gregg and Sayre, Kent and Wu, Rui and Yi, Liu},
  journal={Software Testing Verification \& Reliability},
  volume={10},
  number={3},
  pages={171-194},
  year={2000},
}

@inproceedings{Jones2005Empirical,
  title={Empirical evaluation of the tarantula automatic fault-localization technique},
  author={Jones, James A. and Harrold, Mary Jean},
  booktitle={Ieee/acm International Conference on Automated Software Engineering},
  pages={273-282},
  year={2005},
}

@inproceedings{Abreu2006An,
  title={An evaluation of similarity coefficients for software fault localization},
  author={Abreu, Rui and Zoeteweij, Peter and Van Gemund, Arjan JC},
  booktitle={Dependable Computing, 2006. PRDC'06. 12th Pacific Rim International Symposium on},
  pages={39--46},
  year={2006},
  organization={IEEE}
}

@article{Meyer2004Comparison,
  title={Comparison of similarity coefficients used for cluster analysis with dominant markers in maize (Zea mays L)},
  author={Meyer and Silvagarcia, Andréia Da and Francosouza, Antonio Augusto and Jr, Anete Pereira Desouza and De, Cláudio Lopes},
  journal={Genetics \& Molecular Biology},
  volume={27},
  number={1},
  pages={83-91},
  year={2004},
}

@inproceedings{Chen2002Pinpoint,
  title={Pinpoint: Problem determination in large, dynamic internet services},
  author={Chen, Mike Y and Kiciman, Emre and Fratkin, Eugene and Fox, Armando and Brewer, Eric},
  booktitle={Dependable Systems and Networks, 2002. DSN 2002. Proceedings. International Conference on},
  pages={595--604},
  year={2002},
  organization={IEEE}
}

@inproceedings{Dallmeier2005Lightweight,
  title={Lightweight defect localization for java},
  author={Dallmeier, Valentin and Lindig, Christian and Zeller, Andreas},
  booktitle={European conference on object-oriented programming},
  pages={528--550},
  year={2005},
  organization={Springer}
}

@inproceedings{Abreu2007On,
  title={On the accuracy of spectrum-based fault localization},
  author={Abreu, Rui and Zoeteweij, Peter and Van Gemund, Arjan JC},
  booktitle={Testing: Academic and Industrial Conference Practice and Research Techniques-MUTATION, 2007. TAICPART-MUTATION 2007},
  pages={89--98},
  year={2007},
  organization={IEEE}
}

@article{yoo2014no,
  title={No pot of gold at the end of program spectrum rainbow: Greatest risk evaluation formula does not exist},
  author={Yoo, Shin and Xie, Xiaoyuan and Kuo, Fei-Ching and Chen, Tsong Yueh and Harman, Mark},
  journal={RN},
  volume={14},
  number={14},
  pages={14},
  year={2014},
  publisher={Citeseer}
}

@article{Liu2006Statistical,
  title={Statistical debugging: A hypothesis testing-based approach},
  author={Liu, Chao and Fei, Long and Yan, Xifeng and Han, Jiawei and Midkiff, Samuel P},
  journal={IEEE Transactions on software engineering},
  volume={32},
  number={10},
  pages={831--848},
  year={2006},
  publisher={IEEE}
}

@inproceedings{Le2016A,
  title={A learning-to-rank based fault localization approach using likely invariants},
  author={B Le, Tien-Duy and Lo, David and Le Goues, Claire and Grunske, Lars},
  booktitle={Proceedings of the 25th International Symposium on Software Testing and Analysis},
  pages={177--188},
  year={2016},
  organization={ACM}
}

@article{Papadakis2015Metallaxis,
  title={Metallaxis-FL: mutation-based fault localization},
  author={Papadakis, Mike and Le Traon, Yves},
  journal={Software Testing, Verification and Reliability},
  volume={25},
  number={5-7},
  pages={605--628},
  year={2015},
  publisher={Wiley Online Library}
}

@article{Ernst2007The,
  title={The Daikon system for dynamic detection of likely invariants},
  author={Ernst, Michael D and Perkins, Jeff H and Guo, Philip J and McCamant, Stephen and Pacheco, Carlos and Tschantz, Matthew S and Xiao, Chen},
  journal={Science of Computer Programming},
  volume={69},
  number={1-3},
  pages={35--45},
  year={2007},
  publisher={Elsevier}
}

@inproceedings{Moon2014Ask,
  title={Ask the mutants: Mutating faulty programs for fault localization},
  author={Moon, Seokhyeon and Kim, Yunho and Kim, Moonzoo and Yoo, Shin},
  booktitle={Software Testing, Verification and Validation (ICST), 2014 IEEE Seventh International Conference on},
  pages={153--162},
  year={2014},
  organization={IEEE}
}

@inproceedings{Zhang2006Locating,
  title={Locating faults through automated predicate switching},
  author={Zhang, Xiangyu and Gupta, Neelam and Gupta, Rajiv},
  booktitle={Proceedings of the 28th international conference on Software engineering},
  pages={272--281},
  year={2006},
  organization={ACM}
}

@inproceedings{Chandra2011Angelic,
  title={Angelic debugging},
  author={Chandra, Satish and Torlak, Emina and Barman, Shaon and Bodik, Rastislav},
  booktitle={International Conference on Software Engineering},
  pages={121-130},
  year={2011},
}

@book{Shapiro1982Algorithmic,
  title={Algorithmic Program Debugging. ACM Distinguished Dissertation},
  author={Shapiro, Ehud Y},
  year={1982},
  publisher={MIT press}
}

@inproceedings{Zeller2002Isolating,
  title={Isolating cause-effect chains from computer programs},
  author={Zeller, Andreas},
  booktitle={ACM Sigsoft Symposium on Foundations of Software Engineering},
  pages={1-10},
  year={2002},
}

@article{Zeller2002Simplifying,
  title={Simplifying and isolating failure-inducing input},
  author={Zeller, Andreas and Hildebrandt, Ralf},
  journal={IEEE Transactions on Software Engineering},
  volume={28},
  number={2},
  pages={183--200},
  year={2002},
  publisher={IEEE}
}

@article{W2009BP,
  title={BP neural network-based effective fault localization},
  author={Wong, W Eric and Qi, Yu},
  journal={International Journal of Software Engineering and Knowledge Engineering},
  volume={19},
  number={04},
  pages={573--597},
  year={2009},
  publisher={World Scientific}
}

@article{Wong2012Effective,
  title={Effective software fault localization using an RBF neural network},
  author={Wong, W Eric and Debroy, Vidroha and Golden, Richard and Xu, Xiaofeng and Thuraisingham, Bhavani},
  journal={IEEE Transactions on Reliability},
  volume={61},
  number={1},
  pages={149--169},
  year={2012},
  publisher={IEEE}
}

@inproceedings{Hutchins1994Experiments,
  title={Experiments of the effectiveness of dataflow-and controlflow-based test adequacy criteria},
  author={Hutchins, Monica and Foster, Herb and Goradia, Tarak and Ostrand, Thomas},
  booktitle={Proceedings of the 16th international conference on Software engineering},
  pages={191--200},
  year={1994},
  organization={IEEE Computer Society Press}
}

@inproceedings{Just2014Defects4J,
  title={Defects4J: a database of existing faults to enable controlled testing studies for Java programs},
  author={Just, René and Jalali, Darioush and Ernst, Michael D.},
  booktitle={International Symposium on Software Testing and Analysis},
  pages={437-440},
  year={2014},
}

@article{Xie2013A,
  title={A theoretical analysis of the risk evaluation formulas for spectrum-based fault localization},
  author={Xie, Xiaoyuan and Chen, Tsong Yueh and Kuo, Fei Ching and Xu, Baowen},
  journal={Acm Transactions on Software Engineering \& Methodology},
  volume={22},
  number={4},
  pages={31},
  year={2013},
}

@inproceedings{Abreu2009Spectrum,
  title={Spectrum-based multiple fault localization},
  author={Abreu, Rui and Zoeteweij, Peter and Van Gemund, Arjan JC},
  booktitle={Proceedings of the 2009 IEEE/ACM International Conference on Automated Software Engineering},
  pages={88--99},
  year={2009},
  organization={IEEE Computer Society}
}

@article{Wong2014The,
  title={The DStar method for effective software fault localization},
  author={Wong, W Eric and Debroy, Vidroha and Gao, Ruizhi and Li, Yihao},
  journal={IEEE Transactions on Reliability},
  volume={63},
  number={1},
  pages={290--308},
  year={2014},
  publisher={IEEE}
}

@article{Naish2011A,
  title={A model for spectra-based software diagnosis},
  author={Naish, Lee and Hua, Jie Lee and Ramamohanarao, Kotagiri},
  journal={Acm Transactions on Software Engineering \& Methodology},
  volume={20},
  number={3},
  pages={1-32},
  year={2011},
}

@inproceedings{Pearson2017Evaluating,
  title={Evaluating and improving fault localization},
  author={Pearson, Spencer and Campos, Jos{\'e} and Just, Ren{\'e} and Fraser, Gordon and Abreu, Rui and Ernst, Michael D and Pang, Deric and Keller, Benjamin},
  booktitle={Software Engineering (ICSE), 2017 IEEE/ACM 39th International Conference on},
  pages={609--620},
  year={2017},
  organization={IEEE}
}

@inproceedings{Xuan2014Learning,
  title={Learning to combine multiple ranking metrics for fault localization},
  author={Xuan, Jifeng and Monperrus, Martin},
  booktitle={Software Maintenance and Evolution (ICSME), 2014 IEEE International Conference on},
  pages={191--200},
  year={2014},
  organization={IEEE}
}

@inproceedings{Steimann2013Threats,
  title={Threats to the validity and value of empirical assessments of the accuracy of coverage-based fault locators},
  author={Steimann, Friedrich and Frenkel, Marcus and Rui, Abreu},
  booktitle={International Symposium on Software Testing and Analysis},
  pages={314-324},
  year={2013},
}

@article{Wong2016A,
  title={A survey on software fault localization},
  author={Wong, W Eric and Gao, Ruizhi and Li, Yihao and Abreu, Rui and Wotawa, Franz},
  journal={IEEE Transactions on Software Engineering},
  volume={42},
  number={8},
  pages={707--740},
  year={2016},
  publisher={IEEE}
}

@book{Richard1957Dynamic,
  title={Dynamic programming},
  publisher={Princeton University Press},
  author={Richard Ernest Bellman},
  year={1957},
}

@inproceedings{Zou2015A,
  title={A genetic algorithm for detecting significant floating-point inaccuracies},
  author={Zou, Daming and Wang, Ran and Xiong, Yingfei and Zhang, Lu and Su, Zhendong and Mei, Hong},
  booktitle={Ieee/acm  IEEE International Conference on Software Engineering},
  pages={529-539},
  year={2015},
}

@inproceedings{Kochhar2016Practitioners,
  title={Practitioners' expectations on automated fault localization},
  author={Kochhar, Pavneet Singh and Xia, Xin and Lo, David and Li, Shanping},
  booktitle={International Symposium on Software Testing and Analysis},
  pages={165-176},
  year={2016},
}

@book{Hecht1992Theory,
  title={Theory of the backpropagation neural network},
  author={Hecht-Nielsen, Robert},
  publisher={Harcourt Brace \& Co.},
  pages={593-605 vol.1},
  year={1992},
}

@article{Neumann2002An,
  title={An enhanced neural network technique for software risk analysis},
  author={Neumann, Donald E.},
  journal={IEEE Transactions on Software Engineering},
  volume={28},
  number={9},
  pages={904--912},
  year={2002},
  publisher={IEEE}
}

@inproceedings{Tadayon2005Neural,
  title={Neural network approach for software cost estimation},
  author={Tadayon, N},
  booktitle={International Conference on Information Technology: Coding and Computing},
  pages={815-818},
  year={2005},
}

% vim:ts=4:sw=4
